<?xml version="1.0" encoding="UTF-8"?><record xmlns="http://www.loc.gov/MARC21/slim" xmlns:cinclude="http://apache.org/cocoon/include/1.0" xmlns:zs="http://www.loc.gov/zing/srw/">
  <leader>00484nz  a2200133n  4500</leader>
  <controlfield tag="001">n 2014190070</controlfield>
  <controlfield tag="003">DLC</controlfield>
  <controlfield tag="005">20141029044105.0</controlfield>
  <controlfield tag="008">141029n| azannaabn          |n aaa      </controlfield>
  <datafield tag="010" ind1=" " ind2=" ">
    <subfield code="a">n 2014190070</subfield>
  </datafield>
  <datafield tag="035" ind1=" " ind2=" ">
    <subfield code="a">(DNLM)1629131</subfield>
  </datafield>
  <datafield tag="040" ind1=" " ind2=" ">
    <subfield code="a">DNLM</subfield>
    <subfield code="b">eng</subfield>
    <subfield code="c">DNLM</subfield>
    <subfield code="e">rda</subfield>
  </datafield>
  <datafield tag="100" ind1="1" ind2=" ">
    <subfield code="a">Halachmi, Shlomit</subfield>
  </datafield>
  <datafield tag="670" ind1=" " ind2=" ">
    <subfield code="a">Radiofrequency in cosmetic dermatology, 2015:</subfield>
    <subfield code="b">ECIP t.p. (Shlomit Halachmi, Herzelia Pituach) galley (Dr. Shlomit Halachmi, Herzelia Dermatology and Laser Center, Herzelia Pituach, Israel)</subfield>
  </datafield>
</record>